<?xml version="1.0" encoding="UTF-8"?><collection xmlns="http://www.loc.gov/MARC21/slim"><record><leader>00520nam--2200193-i-4500</leader><controlfield tag="001">000015481</controlfield><controlfield tag="002">20161230</controlfield><controlfield tag="005">20161230201031</controlfield><controlfield tag="008">060222s1000------------r-----000-0-eng-d</controlfield><datafield ind1=" " ind2=" " tag="020"><subfield code="a">0306400136</subfield></datafield><datafield ind1=" " ind2=" " tag="040"><subfield code="a">IFIN-HH</subfield></datafield><datafield ind1=" " ind2=" " tag="080"><subfield code="a">539.89:536.48</subfield></datafield><datafield ind1="1" ind2=" " tag="100"><subfield code="a">Chu, C.W./S.A.</subfield></datafield><datafield ind1="1" ind2="0" tag="245"><subfield code="a">High-pressure and low-temperature physics</subfield><subfield code="c">C.w. chu; j.a. woollam (eds.)</subfield></datafield><datafield ind1=" " ind2=" " tag="260"><subfield code="a">New York</subfield><subfield code="b">Plenum Press</subfield><subfield code="c">1978</subfield></datafield><datafield ind1=" " ind2=" " tag="300"><subfield code="a">XI + 602 P</subfield></datafield><datafield ind1="1" ind2=" " tag="700"><subfield code="a">Woollam, J.A</subfield><subfield code="e">Ed</subfield></datafield><datafield ind1=" " ind2=" " tag="852"><subfield code="a">72120</subfield><subfield code="c">536</subfield></datafield><datafield ind1=" " ind2=" " tag="CAT"><subfield code="a">Sys</subfield><subfield code="c">20110510</subfield><subfield code="h">154314</subfield></datafield></record></collection>